<record><leader>00000cas a2200000Ma 4500</leader><controlfield tag="001">210330852</controlfield><controlfield tag="008">850501d18351862nyuwr ne      0    0eng  </controlfield><datafield ind1=" " ind2=" " tag="010"><subfield code="a">sn 85042241 </subfield></datafield><datafield ind1=" " ind2=" " tag="040"><subfield code="a">DLC</subfield><subfield code="b">eng</subfield><subfield code="c">AQM</subfield><subfield code="d">OCLCQ</subfield></datafield><datafield ind1="0" ind2=" " tag="130"><subfield code="a">Niagara Democrat (Lockport, N.Y. : 1835)</subfield></datafield><datafield ind1="1" ind2="4" tag="245"><subfield code="a">The Niagara Democrat.</subfield></datafield><datafield ind1=" " ind2=" " tag="260"><subfield code="a">Lockport, N.Y. :</subfield><subfield code="b">T.P. Scovell</subfield></datafield><datafield ind1=" " ind2=" " tag="300"><subfield code="a">v. :</subfield><subfield code="b">ill. (chiefly adv.) ;</subfield><subfield code="c">63-67 cm.</subfield></datafield><datafield ind1=" " ind2=" " tag="310"><subfield code="a">Weekly</subfield></datafield><datafield ind1="1" ind2=" " tag="362"><subfield code="a">Began in 1835?; ceased in 1862?</subfield></datafield><datafield ind1=" " ind2=" " tag="500"><subfield code="a">Editor: Orsamus Turner, &lt;1854&gt;.</subfield></datafield><datafield ind1=" " ind2=" " tag="500"><subfield code="a">Publishers: Ballou &amp; Campbell, &lt;1852&gt;; Orsamus Turner, &lt;1854&gt;.</subfield></datafield><datafield ind1=" " ind2=" " tag="580"><subfield code="a">Daily eds.: Lockport daily advertiser (non-extant?); Lockport daily advertiser and Democrat. Cf. French, J.H. Gazetteer of the state of N.Y., 1860.</subfield></datafield><datafield ind1=" " ind2=" " tag="588"><subfield code="a">Description based on: Vol. 1, no. 4 (Sept. 26, 1835).</subfield></datafield><datafield ind1=" " ind2="7" tag="655"><subfield code="a">Newspapers.</subfield><subfield code="2">rbgenr</subfield></datafield><datafield ind1=" " ind2=" " tag="752"><subfield code="a">United States</subfield><subfield code="b">New York</subfield><subfield code="c">Niagara</subfield><subfield code="d">Lockport.</subfield></datafield><datafield ind1="1" ind2=" " tag="775"><subfield code="t">Lockport daily advertiser</subfield></datafield><datafield ind1="1" ind2=" " tag="775"><subfield code="t">Lockport daily advertiser and Democrat</subfield><subfield code="w">(DLC)sn 84024292</subfield></datafield><datafield ind1="0" ind2="0" tag="780"><subfield code="t">Niagara Democrat and Lockport balance</subfield><subfield code="w">(DLC)sn 83031430</subfield></datafield><datafield ind1="0" ind2="7" tag="785"><subfield code="t">Lockport chronicle</subfield><subfield code="w">(DLC)sn 84024293</subfield></datafield><datafield ind1="0" ind2="7" tag="785"><subfield code="t">Niagara Democrat and union</subfield><subfield code="w">(DLC)sn 85026759</subfield></datafield></record>